
@book{quaresma_2009,
  address = {Coimbra, PT},
  author = {Quaresma, Pedro},
  publisher = {Faculdade de Ciências e Tecnologia Universidade de Coimbra},
  timestamp = {2022-12-26},
  title = {Curso de LATEX},
  url = {http://www.mat.uc.pt/~pedro/lectivos/LaTeX/apresentacaoIIparaImprimir.pdf},
  year = 2009,
}

@book{aemstudies_2017,
  author = {AemStudies},
  publisher = {AemStudies},
  timestamp = {2022-12-26},
  title = {Parenteses, Colchetes e Chaves},
  url = {https://rlatex.wordpress.com/2017/02/08/%E2%98%AF-parenteses-colchetes-e-chaves
  },
  year = 2017,
}

@book{costa_2018,
  author = {Costa, João},
  publisher = {StackOverflow},
  timestamp = {2022-12-26},
  title = {Imagem e texto em LaTeX},
  url = {https://pt.stackoverflow.com/questions/274735/imagem-e-texto-em-latex},
  year = 2018,
}

@book{antero_2007,
  author = {Neves, Antero},
  publisher = {Neves, Antero},
  timestamp = {2022-12-26},
  title = {Alinhar texto em LaTeX},
  url = {https://aprendolatex.wordpress.com/2007/06/24/alinhar-texto-em-latex/},
  year = 2007,
}

@book{TeXnicCenter_2006,
  author = {TeXnicCenter},
  publisher = {The OEIS Foundation},
  timestamp = {2022-12-27},
  title = {LATEX para Matematica},
  url = {http://www.uel.br/projetos/matessencial/superior/pdfs/latexmat.pdf},
  year = 2006,
  note = {Curso para alunos e docentes de Matematica da UEL.},
  }
  
@book{overleaf_1,
  author = {Overleaf},
  publisher = {Overleaf},
  timestamp = {2022-12-28},
  title = {List of Greek letters and math symbols},
  url = {https://pt.overleaf.com/learn/latex/List_of_Greek_letters_and_math_symbols},
  year = 2005,
  }